@book{ example:article,
    author = {Carsten Biemann},
    title  = {A Citation-example},
    publisher = {Frankfurt University of Applied Sciences},
%    edition = {1},
    year = {2016},
}

@online{ example:url,
    author = {John Doe},
    title = {Programing GUIs in Java for Dummies},
    year = 2016,
    url = {http://hmpg.net},
    urldate = {1986-09-30}
}

@misc{ example:neverused,
    author = {Nobody},
    title = {This should not be listed},
    howpublished = {Example itemization},
    month = {10},
    note = {Nothing to read},
}

% For more type fields have a quick look at Wikipedia https://en.wikipedia.org/wiki/BibTeX#Entry_types, ask Google for more examples or just visit the BibTex-Homepage at http://www.bibtex.org
